<record><leader>00000cas a22000007a 4500</leader><controlfield tag="001">9765227</controlfield><controlfield tag="008">830801c19259999wyuwn ne      0   a0eng d</controlfield><controlfield tag="009">467</controlfield><datafield ind1=" " ind2=" " tag="010"><subfield code="a">sn 83002308 </subfield></datafield><datafield ind1=" " ind2=" " tag="040"><subfield code="a">NSD</subfield><subfield code="b">eng</subfield><subfield code="c">NSD</subfield><subfield code="d">NVO</subfield><subfield code="d">NSD</subfield><subfield code="d">OCLCQ</subfield></datafield><datafield ind1=" " ind2=" " tag="012"><subfield code="j">0</subfield><subfield code="l">1</subfield><subfield code="m">1</subfield></datafield><datafield ind1="1" ind2=" " tag="022"><subfield code="a">0739-4926</subfield><subfield code="l">0739-4926</subfield><subfield code="2">1</subfield></datafield><datafield ind1="1" ind2=" " tag="029"><subfield code="a">AU@</subfield><subfield code="b">000025810222</subfield></datafield><datafield ind1=" " ind2=" " tag="032"><subfield code="a">388420</subfield><subfield code="b">USPS</subfield></datafield><datafield ind1=" " ind2=" " tag="042"><subfield code="a">msc</subfield><subfield code="a">nsdp</subfield></datafield><datafield ind1="0" ind2=" " tag="130"><subfield code="a">News-record (Gillette, Wyo.)</subfield></datafield><datafield ind1=" " ind2="4" tag="222"><subfield code="a">The News-record</subfield><subfield code="b">(Gillette, Wyo.)</subfield></datafield><datafield ind1="0" ind2="4" tag="245"><subfield code="a">The News-record.</subfield></datafield><datafield ind1="3" ind2="0" tag="246"><subfield code="a">News record</subfield></datafield><datafield ind1=" " ind2=" " tag="260"><subfield code="a">Gillette, WY :</subfield><subfield code="b">A. Nisselius</subfield></datafield><datafield ind1=" " ind2=" " tag="300"><subfield code="a">v.</subfield></datafield><datafield ind1=" " ind2=" " tag="310"><subfield code="a">Daily (except Saturday),</subfield><subfield code="b">July 14, 1975-</subfield></datafield><datafield ind1=" " ind2=" " tag="321"><subfield code="a">Weekly,</subfield><subfield code="b">Apr. 30, 1925-Feb. 21, 1935</subfield></datafield><datafield ind1=" " ind2=" " tag="321"><subfield code="a">Daily,</subfield><subfield code="b">Feb. 28, 1935-June 1, 1940</subfield></datafield><datafield ind1=" " ind2=" " tag="321"><subfield code="a">Weekly,</subfield><subfield code="b">June 6, 1940-July 7, 1975</subfield></datafield><datafield ind1="0" ind2=" " tag="362"><subfield code="a">Vol. 11, no. 33 (Apr. 30, 1925)-</subfield></datafield><datafield ind1=" " ind2=" " tag="515"><subfield code="a">Also includes numbering of The Gillette news through Feb. 21, 1935.</subfield></datafield><datafield ind1=" " ind2=" " tag="580"><subfield code="a">Absorbed: Gillette bulletin, Nov. 11, 1965.</subfield></datafield><datafield ind1=" " ind2="4" tag="651"><subfield code="a">Gillette (Wyo.)</subfield><subfield code="v">Newspapers.</subfield></datafield><datafield ind1=" " ind2="4" tag="651"><subfield code="a">Campbell County (Wyo.)</subfield><subfield code="v">Newspapers.</subfield></datafield><datafield ind1=" " ind2=" " tag="752"><subfield code="a">United States</subfield><subfield code="b">Wyoming</subfield><subfield code="c">Campbell</subfield><subfield code="d">Gillette.</subfield></datafield><datafield ind1="0" ind2="4" tag="780"><subfield code="t">Gillette news</subfield><subfield code="w">(DLC)sn 92067054</subfield></datafield><datafield ind1="0" ind2="4" tag="780"><subfield code="t">Campbell County record (Gillette, Wyo.)</subfield><subfield code="w">(DLC)sn 92067052</subfield></datafield><datafield ind1="1" ind2="5" tag="780"><subfield code="t">Gillette bulletin</subfield><subfield code="w">(DLC)sn 92067073</subfield></datafield></record>